<?xml version="1.0" encoding="UTF-8"?><record xmlns="http://www.loc.gov/MARC21/slim" xmlns:cinclude="http://apache.org/cocoon/include/1.0" xmlns:zs="http://www.loc.gov/zing/srw/">
  <leader>00414nz  a2200121n  4500</leader>
  <controlfield tag="001">n  87832231 </controlfield>
  <controlfield tag="003">DLC</controlfield>
  <controlfield tag="005">19870519113431.0</controlfield>
  <controlfield tag="008">870519n| acannaab|          |n aad |||  </controlfield>
  <datafield tag="010" ind1=" " ind2=" ">
    <subfield code="a">n  87832231 </subfield>
  </datafield>
  <datafield tag="040" ind1=" " ind2=" ">
    <subfield code="a">DLC</subfield>
    <subfield code="c">DLC</subfield>
  </datafield>
  <datafield tag="100" ind1="1" ind2="0">
    <subfield code="a">Irvine, Fleet R.</subfield>
    <subfield code="q">(Fleet Raymond),</subfield>
    <subfield code="d">1937-</subfield>
  </datafield>
  <datafield tag="670" ind1=" " ind2=" ">
    <subfield code="a">nuc87-46553: His A study of creative thinking ... [MI] 1967</subfield>
    <subfield code="b">(hdg. on TxCM rept.: Irvine, Fleet Raymond, 1937- ; usage: Fleet R. Irvine)</subfield>
  </datafield>
</record>